@inbook{milestones,
  author = "Edwin D. Reilly",
  title = " Milestones in computer science and information technology",
  url = "https://books.google.co.uk/books?id=JTYPKxug49IC&pg=PA157&redir_esc=y#v=onepage&q&f=false",
  year = 2003,
  isbn = "978-1-57356-521-9",
  pages = {156, 157},
  publisher = "Greenwood Publishing Group"
}

@article{sexp,
  author = "J. McCarthy",
  title = "Recursive Functions of Symbolic Expressions and Their Computation by Machine, Part I",
  year = 1959,
  month = mar,
  day = 23,
  journal = "Artificial intelligence Project --- RLE and MIT Computation Center",
  url = "https://www.informatimago.com/develop/lisp/com/informatimago/small-cl-pgms/aim-8/aim-8.html"
}

@book{dragon,
  author = "Alfred V. Aho and Monica S. Lam and Ravi Sethi and Jeffrey D. Ullman",
  title = "Compilers: Principles, Techniques, and Tools",
  year = 1986,
  isbn = "0-201-10088-6",
  publisher = "Pearson Education, Inc"
}
